<?xml version="1.0" encoding="UTF-8"?><record xmlns="http://www.loc.gov/MARC21/slim" xmlns:cinclude="http://apache.org/cocoon/include/1.0" xmlns:zs="http://www.loc.gov/zing/srw/">
  <leader>02926cz  a2200325n  4500</leader>
  <controlfield tag="001">n 2005005308</controlfield>
  <controlfield tag="003">DLC</controlfield>
  <controlfield tag="005">20050617102942.0</controlfield>
  <controlfield tag="008">050126n| acannaabn          |a ana      </controlfield>
  <datafield tag="010" ind1=" " ind2=" ">
    <subfield code="a">n 2005005308</subfield>
  </datafield>
  <datafield tag="040" ind1=" " ind2=" ">
    <subfield code="a">DLC</subfield>
    <subfield code="b">eng</subfield>
    <subfield code="c">DLC</subfield>
    <subfield code="d">DLC</subfield>
  </datafield>
  <datafield tag="110" ind1="2" ind2=" ">
    <subfield code="a">Moskovskiĭ metallurgicheskiĭ zavod "Serp i molot"</subfield>
  </datafield>
  <datafield tag="410" ind1="2" ind2=" ">
    <subfield code="a">Guzhon Moscow Metalworks Hammer and Sickle Factory</subfield>
  </datafield>
  <datafield tag="410" ind1="2" ind2=" ">
    <subfield code="a">Moskovskiĭ zavod "Serp i molot"</subfield>
  </datafield>
  <datafield tag="410" ind1="2" ind2=" ">
    <subfield code="a">Moscow Metalworks Hammer and Sickle Factory</subfield>
  </datafield>
  <datafield tag="410" ind1="2" ind2=" ">
    <subfield code="a">Moscow Hammer and Sickle Factory</subfield>
  </datafield>
  <datafield tag="410" ind1="2" ind2=" ">
    <subfield code="a">Metallurgicheskiĭ zavod "Serp i molot" (Moscow, Russia)</subfield>
  </datafield>
  <datafield tag="410" ind1="2" ind2=" ">
    <subfield code="a">"Serp i molot" zavod (Moscow, Russia)</subfield>
  </datafield>
  <datafield tag="410" ind1="2" ind2=" ">
    <subfield code="a">Zavod "Serp i molot" (Moscow, Russia)</subfield>
  </datafield>
  <datafield tag="410" ind1="2" ind2=" ">
    <subfield code="a">OAO MMZ "Serp i molot"</subfield>
  </datafield>
  <datafield tag="410" ind1="2" ind2=" ">
    <subfield code="a">Moskovskiĭ bolʹshoĭ metallurgicheskiĭ zavod "Serp i molot"</subfield>
  </datafield>
  <datafield tag="410" ind1="2" ind2=" ">
    <subfield code="a">Otkrytoe akt︠s︡ionernoe obshchestvo Moskovskiĭ metallurgicheskiĭ zavod "Serp i molot"</subfield>
  </datafield>
  <datafield tag="670" ind1=" " ind2=" ">
    <subfield code="a">Murphy, Kevin. Revolution and counterrevolution, c2005:</subfield>
    <subfield code="b">CIP galley (Guzhon Moscow Metalworks Hammer and Sickle Factory)</subfield>
  </datafield>
  <datafield tag="670" ind1=" " ind2=" ">
    <subfield code="a">Bolʹsh. sov. ėnt︠s︡ikl., 2nd ed:</subfield>
    <subfield code="b">v. 27, p. 251 (Metallurgicheskiĭ zavod "Serp i molot"; began in 1883 when French entrepreneur Guzhon built a workshop for producing wire in Moscow, which eventually became a metall factory. The factory was nationalized in 1918 and renamed "Bolshoĭ metallurgicheskiĭ zavod, byvshiĭ Guzhon" [no publs. in LC data base]. On 7 September 1922 it wa renamed as the Zavod "Serp i molot")</subfield>
  </datafield>
  <datafield tag="670" ind1=" " ind2=" ">
    <subfield code="a">Vsi︠a︡ Moskva, 1931:</subfield>
    <subfield code="b">p. 432 ("Serp i molot" zavod)</subfield>
  </datafield>
  <datafield tag="670" ind1=" " ind2=" ">
    <subfield code="a">www.rusarchives.ru/muslib/msm/history</subfield>
    <subfield code="b">(Metallurgicheskiĭ zavod "Serp i molot" was founded in 1883 by French entrepreneur Zhi︠u︡lem Guzhon as the Tovarishchestvo moskovskogo metallurgicheskogo zavoda [no publs. in LC data base] but was known as the Obshchestvo "Guzhon i Ko" [no publs. in LC data base] or Zavod Guzhona. After the factory was nationalized it was popularly known as the "Byvshiĭ Guzhonovskiĭ zavod". In 1922 it was officially renamed as the Moskovskiĭ bolʹshoĭ metallurgicheskiĭ zavod "Serp i molot". The factory has recently been privatized)</subfield>
  </datafield>
  <datafield tag="670" ind1=" " ind2=" ">
    <subfield code="a">www.sim-st.com (Moskovskiĭ metallurgicheskiĭ zavod "Serp i molot". Founded in 1883, it is one of the oldest factories in the center of Russia. It is now known as the Otkrytoe akt︠s︡ionernoe obshchestvo Moskovskiĭ metallurgicheskiĭ zavod "Serp i molot" (OAO MMZ "Serp i molot"))</subfield>
  </datafield>
  <datafield tag="670" ind1=" " ind2=" ">
    <subfield code="a">www.stel.ru/museum/museume̲xibitions</subfield>
    <subfield code="b">(Moscow Hammer and Sickle Factory)</subfield>
  </datafield>
  <datafield tag="670" ind1=" " ind2=" ">
    <subfield code="a">www.620.am/info/GUZhON-Yuliy-Petrovich-W16852</subfield>
    <subfield code="b">(Guzhon I︠U︡liĭ Petrovich, a Russian entrepreneur who founded the Tovarishchestvo moskovskogo metallurgicheskogo zavoda [no publs. in LC data base], now known as the Zavod "Serp i molot")</subfield>
  </datafield>
  <datafield tag="670" ind1=" " ind2=" ">
    <subfield code="a">"Magnitka bliz Sadovogo kolʹt︠s︡a", 2005:</subfield>
    <subfield code="b">t.p. (Moskovskom zavode "Serp i molot")</subfield>
  </datafield>
</record>